@Misc{powerapi-website,
	author = "Spirals Team, Inria",
	title = "PowerAPI, a middleware toolkit for software-defined power meters",
	howpublished = "Official website : \url{http://powerapi.org} \\
	GitHub  : \url{https://github.com/Spirals-Team/powerapi} \\
	GitHub Wiki : \url{https://github.com/Spirals-Team/powerapi/wiki}"
}

@Misc{levenshtein-distance,
	author = "Wikipedia",
	title = "Levenshtein distance",
	howpublished = "\url{https://en.wikipedia.org/wiki/Levenshtein_distance}"
}

@Misc{joule,
	author="Wikipedia",
	title="Joule",
	howpublished="\url{https://en.wikipedia.org/wiki/Joule}"
}

@Misc{jvm,
	author="Pierre - Hugues Charbonneau",
	title="Java Performance Optimization",
	howpublished="\url{https://dzone.com/refcardz/java-performance-optimization} \\
	\url{https://dzone.com/articles/java-performance-tuning}"
}

@Misc{ict,
	author="The Climate Group",
	title="SMART 2020: Enabling the low carbon economy in the
information age",			howpublished="\url{http://www.smart2020.org/_assets/files/02_smart2020Report.pdf}"
}

@Misc{poorjvm,
	author="Ben Evans, InfoQ",
	title="9 Fallacies of Java Performance",	howpublished="\url{http://www.infoq.com/articles/9_Fallacies_Java_Performance}"
}